@article{romano,
    Author = {Fabiane Vieira ROMANO AND Nelson BACK AND Roberto de OLIVEIRA },
    Title = {A IMPORTÂNCIA DA MODELAGEM DO PROCESSO DE PROJETO PARA
             O DESENVOLVIMENTO INTEGRADO DE EDIFICAÇÕES },
    Year = {2001},
    Adress = {São Paulo},
}

@book{swebok,
    edition = "3.0",
    editor = "Pierre Bourque and Richard Fairley",
    publisher = "IEEE",
    author = "Pierre Bourque and Richard Fairley",
    title   = "SWEBoK",
    year    = "2004",
    pages   = "29 and 50 and 55--56 and 82--88"
}

@manual{ieee,
    Author = {IEEE},
    Title = {IEEE},
    Year = {2016},
    Url = {https://www.ieee.org/index.html},
}
